<record><leader>00000cas a22000007a 4500</leader><controlfield tag="001">26819876</controlfield><controlfield tag="008">921020d19381967ohuwr ne      0    0eng d</controlfield><datafield ind1=" " ind2=" " tag="010"><subfield code="a">sn 92063871 </subfield></datafield><datafield ind1=" " ind2=" " tag="040"><subfield code="a">ONP</subfield><subfield code="b">eng</subfield><subfield code="c">ONP</subfield><subfield code="d">OCLCQ</subfield></datafield><datafield ind1=" " ind2=" " tag="042"><subfield code="a">msc</subfield></datafield><datafield ind1="0" ind2=" " tag="130"><subfield code="a">East Canton news (East Canton, Ohio)</subfield></datafield><datafield ind1="1" ind2="4" tag="245"><subfield code="a">The East Canton news.</subfield></datafield><datafield ind1=" " ind2=" " tag="260"><subfield code="a">East Canton, Ohio :</subfield><subfield code="b">Sherer Print. Co.,</subfield><subfield code="c">1938-1967.</subfield></datafield><datafield ind1=" " ind2=" " tag="300"><subfield code="a">v.</subfield></datafield><datafield ind1=" " ind2=" " tag="310"><subfield code="a">Weekly</subfield></datafield><datafield ind1="0" ind2=" " tag="362"><subfield code="a">Vol. 1, no. 1 (Dec. 15, 1938)-v. 29, no. 40 (Sept. 28, 1967).</subfield></datafield><datafield ind1=" " ind2=" " tag="580"><subfield code="a">Merged with: Observer (North Industry, Ohio), and Sandy Valley press, to form: Press-news (East Canton, Ohio).</subfield></datafield><datafield ind1=" " ind2="4" tag="651"><subfield code="a">East Canton (Ohio)</subfield><subfield code="v">Newspapers.</subfield></datafield><datafield ind1=" " ind2="4" tag="651"><subfield code="a">Stark County (Ohio)</subfield><subfield code="v">Newspapers.</subfield></datafield><datafield ind1=" " ind2=" " tag="752"><subfield code="a">United States</subfield><subfield code="b">Ohio</subfield><subfield code="c">Stark</subfield><subfield code="d">East Canton.</subfield></datafield><datafield ind1="1" ind2="7" tag="785"><subfield code="t">Observer (North Industry, Ohio)</subfield><subfield code="w">(DLC)sn 91069856</subfield></datafield><datafield ind1="1" ind2="7" tag="785"><subfield code="t">Sandy Valley press</subfield><subfield code="w">(DLC)sn 88078495</subfield></datafield><datafield ind1="1" ind2="7" tag="785"><subfield code="t">Press-news (East Canton, Ohio)</subfield><subfield code="w">(DLC)sn 88078494</subfield></datafield></record>